<record><leader>00000cas a22000007a 4500</leader><controlfield tag="001">12957704</controlfield><controlfield tag="008">851228d18661874ohuwr ne      0    0eng d</controlfield><datafield ind1=" " ind2=" " tag="010"><subfield code="a">sn 85034511 </subfield></datafield><datafield ind1=" " ind2=" " tag="040"><subfield code="a">NPU</subfield><subfield code="b">eng</subfield><subfield code="c">NPU</subfield><subfield code="d">ONP</subfield><subfield code="d">OCLCQ</subfield></datafield><datafield ind1=" " ind2=" " tag="042"><subfield code="a">msc</subfield></datafield><datafield ind1="0" ind2=" " tag="130"><subfield code="a">Kenton Democrat (Kenton, Ohio : 1866)</subfield></datafield><datafield ind1="1" ind2="4" tag="245"><subfield code="a">The Kenton Democrat.</subfield></datafield><datafield ind1=" " ind2=" " tag="260"><subfield code="a">Kenton, Hardin County, O. [Ohio] :</subfield><subfield code="b">Daniel Flanagan,</subfield><subfield code="c">1866-</subfield></datafield><datafield ind1=" " ind2=" " tag="300"><subfield code="a">v. ;</subfield><subfield code="c">71 cm.</subfield></datafield><datafield ind1=" " ind2=" " tag="310"><subfield code="a">Weekly</subfield></datafield><datafield ind1="0" ind2=" " tag="362"><subfield code="a">New ser., vol. 1, no. 41 (Dec. 27, 1866)-</subfield></datafield><datafield ind1="1" ind2=" " tag="362"><subfield code="a">Ceased in 1874.</subfield><subfield code="z">Cf. Gutgesell, S. Guide to Ohio newspapers, 1974.</subfield></datafield><datafield ind1=" " ind2=" " tag="500"><subfield code="a">"Official paper of town and county."</subfield></datafield><datafield ind1=" " ind2=" " tag="752"><subfield code="a">United States</subfield><subfield code="b">Ohio</subfield><subfield code="c">Hardin</subfield><subfield code="d">Kenton.</subfield></datafield><datafield ind1="0" ind2="0" tag="780"><subfield code="a">Democratic advocate</subfield><subfield code="w">(DLC)sn 90068769</subfield></datafield><datafield ind1="0" ind2="0" tag="785"><subfield code="t">Hardin County Democrat</subfield><subfield code="w">(DLC)sn 85038150</subfield></datafield></record>